@article{yair2022population,
  title={Population differentiation of polygenic score predictions under stabilizing selection},
  author={Yair, Sivan and Coop, Graham},
  journal={Philosophical Transactions of the Royal Society B},
  volume={377},
  number={1852},
  pages={20200416},
  year={2022},
  publisher={The Royal Society}
}
@article{hubisz2020mapping,
  title={Mapping gene flow between ancient hominins through demography-aware inference of the ancestral recombination graph},
  author={Hubisz, Melissa J and Williams, Amy L and Siepel, Adam},
  journal={PLoS genetics},
  volume={16},
  number={8},
  pages={e1008895},
  year={2020},
  publisher={Public Library of Science}
}
@article{kuhlwilm2016ancient,
  title={Ancient gene flow from early modern humans into Eastern Neanderthals},
  author={Kuhlwilm, Martin and Gronau, Ilan and Hubisz, Melissa J and De Filippo, Cesare and Prado-Martinez, Javier and Kircher, Martin and Fu, Qiaomei and Burbano, Hern{\'a}n A and Lalueza-Fox, Carles and de La Rasilla, Marco and others},
  journal={Nature},
  volume={530},
  number={7591},
  pages={429--433},
  year={2016},
  publisher={Nature Publishing Group UK London}
}
@article{petr2020evolutionary,
  title={The evolutionary history of Neanderthal and Denisovan Y chromosomes},
  author={Petr, Martin and Hajdinjak, Mateja and Fu, Qiaomei and Essel, Elena and Rougier, H{\'e}l{\`e}ne and Crevecoeur, Isabelle and Semal, Patrick and Golovanova, Liubov V and Doronichev, Vladimir B and Lalueza-Fox, Carles and others},
  journal={Science},
  volume={369},
  number={6511},
  pages={1653--1656},
  year={2020},
  publisher={American Association for the Advancement of Science}
}
@article{beyer2021climatic,
  title={Climatic windows for human migration out of Africa in the past 300,000 years},
  author={Beyer, Robert M and Krapp, Mario and Eriksson, Anders and Manica, Andrea},
  journal={Nature communications},
  volume={12},
  number={1},
  pages={4889},
  year={2021},
  publisher={Nature Publishing Group UK London}
}
@article{chen2020identifying,
  title={Identifying and interpreting apparent Neanderthal ancestry in African individuals},
  author={Chen, Lu and Wolf, Aaron B and Fu, Wenqing and Li, Liming and Akey, Joshua M},
  journal={Cell},
  volume={180},
  number={4},
  pages={677--687},
  year={2020},
  publisher={Elsevier}
}
@article{telis2020selection,
  title={Selection against archaic hominin genetic variation in regulatory regions},
  author={Telis, Natalie and Aguilar, Robin and Harris, Kelley},
  journal={Nature Ecology \& Evolution},
  volume={4},
  number={11},
  pages={1558--1566},
  year={2020},
  publisher={Nature Publishing Group UK London}
}
@article{reilly2022contribution,
  title={The contribution of Neanderthal introgression to modern human traits},
  author={Reilly, Patrick F and Tjahjadi, Audrey and Miller, Samantha L and Akey, Joshua M and Tucci, Serena},
  journal={Current Biology},
  volume={32},
  number={18},
  pages={R970--R983},
  year={2022},
  publisher={Elsevier}
}
@article{skov2023extraordinary,
  title={Extraordinary selection on the human X chromosome associated with archaic admixture},
  author={Skov, Laurits and Macia, Moises Coll and Lucotte, Elise Anne and Cavassim, Maria Izabel Alves and Castellano, David and Schierup, Mikkel Heide and Munch, Kasper},
  journal={Cell Genomics},
  volume={3},
  number={3},
  year={2023},
  publisher={Elsevier}
}
@article{grun2005u,
  title={U-series and ESR analyses of bones and teeth relating to the human burials from Skhul},
  author={Gr{\"u}n, Rainer and Stringer, Chris and McDermott, Frank and Nathan, Roger and Porat, Naomi and Robertson, Steve and Taylor, Lois and Mortimer, Graham and Eggins, Stephen and McCulloch, Malcolm},
  journal={Journal of human evolution},
  volume={49},
  number={3},
  pages={316--334},
  year={2005},
  publisher={Elsevier}
}
@article{schwarcz1988esr,
  title={ESR dates for the hominid burial site of Qafzeh in Israel},
  author={Schwarcz, Henry P and Gr{\"u}n, Rainer and Vandermeersch, Bernard and Bar-Yosef, Ofer and Valladas, H{\'e}l{\`e}ne and Tchernov, Eitan},
  journal={Journal of Human Evolution},
  volume={17},
  number={8},
  pages={733--737},
  year={1988},
  publisher={Elsevier}
}
@article{gower2021detecting,
  title={Detecting adaptive introgression in human evolution using convolutional neural networks},
  author={Gower, Graham and Picazo, Pablo I{\'a}{\~n}ez and Fumagalli, Matteo and Racimo, Fernando},
  journal={Elife},
  volume={10},
  pages={e64669},
  year={2021},
  publisher={eLife Sciences Publications, Ltd}
}
@article{zeberg2020major,
  title={The major genetic risk factor for severe COVID-19 is inherited from Neanderthals},
  author={Zeberg, Hugo and P{\"a}{\"a}bo, Svante},
  journal={Nature},
  volume={587},
  number={7835},
  pages={610--612},
  year={2020},
  publisher={Nature Publishing Group UK London}
}
@article{huerta2014altitude,
  title={Altitude adaptation in Tibetans caused by introgression of Denisovan-like DNA},
  author={Huerta-S{\'a}nchez, Emilia and Jin, Xin and Bianba, Zhuoma and Peter, Benjamin M and Vinckenbosch, Nicolas and Liang, Yu and Yi, Xin and He, Mingze and Somel, Mehmet and Ni, Peixiang and others},
  journal={Nature},
  volume={512},
  number={7513},
  pages={194--197},
  year={2014},
  publisher={Nature Publishing Group UK London}
}
@article{prufer2014complete,
  title={The complete genome sequence of a Neanderthal from the Altai Mountains},
  author={Pr{\"u}fer, Kay and Racimo, Fernando and Patterson, Nick and Jay, Flora and Sankararaman, Sriram and Sawyer, Susanna and Heinze, Anja and Renaud, Gabriel and Sudmant, Peter H and De Filippo, Cesare and others},
  journal={Nature},
  volume={505},
  number={7481},
  pages={43--49},
  year={2014},
  publisher={Nature Publishing Group UK London}
}
@article{posth2017deeply,
  title={Deeply divergent archaic mitochondrial genome provides lower time boundary for African gene flow into Neanderthals},
  author={Posth, Cosimo and Wi{\ss}ing, Christoph and Kitagawa, Keiko and Pagani, Luca and van Holstein, Laura and Racimo, Fernando and Wehrberger, Kurt and Conard, Nicholas J and Kind, Claus Joachim and Bocherens, Herv{\'e} and others},
  journal={Nature communications},
  volume={8},
  number={1},
  pages={16046},
  year={2017},
  publisher={Nature Publishing Group UK London}
}
@article{castellano2014patterns,
  title={Patterns of coding variation in the complete exomes of three Neandertals},
  author={Castellano, Sergi and Parra, Gen{\'\i}s and S{\'a}nchez-Quinto, Federico A and Racimo, Fernando and Kuhlwilm, Martin and Kircher, Martin and Sawyer, Susanna and Fu, Qiaomei and Heinze, Anja and Nickel, Birgit and others},
  journal={Proceedings of the National Academy of Sciences},
  volume={111},
  number={18},
  pages={6666--6671},
  year={2014},
  publisher={National Acad Sciences}
}
@article{harris2016genetic,
  title={The genetic cost of Neanderthal introgression},
  author={Harris, Kelley and Nielsen, Rasmus},
  journal={Genetics},
  volume={203},
  number={2},
  pages={881--891},
  year={2016},
  publisher={Oxford University Press}
}
@article{juric2016strength,
  title={The strength of selection against Neanderthal introgression},
  author={Juric, Ivan and Aeschbacher, Simon and Coop, Graham},
  journal={PLoS genetics},
  volume={12},
  number={11},
  pages={e1006340},
  year={2016},
  publisher={Public Library of Science San Francisco, CA USA}
}
@article{sankararaman2014genomic,
  title={The genomic landscape of Neanderthal ancestry in present-day humans},
  author={Sankararaman, Sriram and Mallick, Swapan and Dannemann, Michael and Pr{\"u}fer, Kay and Kelso, Janet and P{\"a}{\"a}bo, Svante and Patterson, Nick and Reich, David},
  journal={Nature},
  volume={507},
  number={7492},
  pages={354--357},
  year={2014},
  publisher={Nature Publishing Group UK London}
}
@article{sankararaman2016combined,
  title={The combined landscape of Denisovan and Neanderthal ancestry in present-day humans},
  author={Sankararaman, Sriram and Mallick, Swapan and Patterson, Nick and Reich, David},
  journal={Current Biology},
  volume={26},
  number={9},
  pages={1241--1247},
  year={2016},
  publisher={Elsevier}
}
@article{petr2019limits,
  title={Limits of long-term selection against Neandertal introgression},
  author={Petr, Martin and P{\"a}{\"a}bo, Svante and Kelso, Janet and Vernot, Benjamin},
  journal={Proceedings of the National Academy of Sciences},
  volume={116},
  number={5},
  pages={1639--1644},
  year={2019},
  publisher={National Acad Sciences}
}
@article{yermakovich2023long,
  title={Long-range regulatory effects of Neandertal DNA in modern humans},
  author={Yermakovich, Danat and Pankratov, Vasili and V{\~o}sa, Urmo and Yunusbayev, Bayazit and Estonian Biobank Research Team Metspalu Andres Nelis Mari Milani Lili M{\"a}gi Reedik Esko T{\~o}nu and Dannemann, Michael},
  journal={Genetics},
  volume={223},
  number={3},
  pages={iyac188},
  year={2023},
  publisher={Oxford University Press US}
}
@article{simons2018population,
  title={A population genetic interpretation of GWAS findings for human quantitative traits},
  author={Simons, Yuval B and Bullaughey, Kevin and Hudson, Richard R and Sella, Guy},
  journal={PLoS biology},
  volume={16},
  number={3},
  pages={e2002985},
  year={2018},
  publisher={Public Library of Science San Francisco, CA USA}
}
@article{gilad2006natural,
  title={Natural selection on gene expression},
  author={Gilad, Yoav and Oshlack, Alicia and Rifkin, Scott A},
  journal={TRENDS in Genetics},
  volume={22},
  number={8},
  pages={456--461},
  year={2006},
  publisher={Elsevier}
}
@article{hodgins2015gene,
  title={Gene expression evolves under a house-of-cards model of stabilizing selection},
  author={Hodgins-Davis, Andrea and Rice, Daniel P and Townsend, Jeffrey P},
  journal={Molecular Biology and Evolution},
  volume={32},
  number={8},
  pages={2130--2140},
  year={2015},
  publisher={Oxford University Press}
}
@article{sanjak2018evidence,
  title={Evidence of directional and stabilizing selection in contemporary humans},
  author={Sanjak, Jaleal S and Sidorenko, Julia and Robinson, Matthew R and Thornton, Kevin R and Visscher, Peter M},
  journal={Proceedings of the National Academy of Sciences},
  volume={115},
  number={1},
  pages={151--156},
  year={2018},
  publisher={National Acad Sciences}
}
@article{price2022detecting,
  title={Detecting signatures of selection on gene expression},
  author={Price, Peter D and Palmer Droguett, Daniela H and Taylor, Jessica A and Kim, Dong Won and Place, Elsie S and Rogers, Thea F and Mank, Judith E and Cooney, Christopher R and Wright, Alison E},
  journal={Nature Ecology \& Evolution},
  volume={6},
  number={7},
  pages={1035--1045},
  year={2022},
  publisher={Nature Publishing Group UK London}
}
@article{robertson1956effect,
  title={The effect of selection against extreme deviants based on deviation or on homozygosis},
  author={Robertson, Alan},
  journal={Journal of Genetics},
  volume={54},
  number={2},
  pages={236--248},
  year={1956},
  publisher={Springer India, in co-publication with Indian Academy of Sciences}
}
@article{keightley1988quantitative,
  title={Quantitative genetic variability maintained by mutation-stabilizing selection balance in finite populations},
  author={Keightley, Peter D and Hill, William G},
  journal={Genetics Research},
  volume={52},
  number={1},
  pages={33--43},
  year={1988},
  publisher={Cambridge University Press}
}
@article{hayward2022polygenic,
  title={Polygenic adaptation after a sudden change in environment},
  author={Hayward, Laura Katharine and Sella, Guy},
  journal={Elife},
  volume={11},
  pages={e66697},
  year={2022},
  publisher={eLife Sciences Publications Limited}
}
@article{peter2016admixture,
  title={Admixture, population structure, and F-statistics},
  author={Peter, Benjamin M},
  journal={Genetics},
  volume={202},
  number={4},
  pages={1485--1501},
  year={2016},
  publisher={Oxford University Press}
}
@inproceedings{muller1942isolating,
  title={Isolating mechanisms, evolution, and temperature},
  author={Muller, Hermann J},
  booktitle={Biol Symp},
  volume={6},
  pages={71--125},
  year={1942}
}
@article{sella2019thinking,
  title={Thinking about the evolution of complex traits in the era of genome-wide association studies},
  author={Sella, Guy and Barton, Nicholas H},
  journal={Annual review of genomics and human genetics},
  volume={20},
  pages={461--493},
  year={2019},
  publisher={Annual Reviews}
}
@article{racimo2017signatures,
  title={Signatures of archaic adaptive introgression in present-day human populations},
  author={Racimo, Fernando and Marnetto, Davide and Huerta-S{\'a}nchez, Emilia},
  journal={Molecular biology and evolution},
  volume={34},
  number={2},
  pages={296--317},
  year={2017},
  publisher={Oxford University Press}
}
@article{enard2018evidence,
  title={Evidence that RNA viruses drove adaptive introgression between Neanderthals and modern humans},
  author={Enard, David and Petrov, Dmitri A},
  journal={Cell},
  volume={175},
  number={2},
  pages={360--371},
  year={2018},
  publisher={Elsevier}
}
@article{wolf2018outstanding,
  title={Outstanding questions in the study of archaic hominin admixture},
  author={Wolf, Aaron B and Akey, Joshua M},
  journal={PLoS genetics},
  volume={14},
  number={5},
  pages={e1007349},
  year={2018},
  publisher={Public Library of Science San Francisco, CA USA}
}
@article{tung2017contribution,
  title={The contribution of admixture to primate evolution},
  author={Tung, Jenny and Barreiro, Luis B},
  journal={Current opinion in genetics \& development},
  volume={47},
  pages={61--68},
  year={2017},
  publisher={Elsevier}
}
@article{suvorov2022widespread,
  title={Widespread introgression across a phylogeny of 155 Drosophila genomes},
  author={Suvorov, Anton and Kim, Bernard Y and Wang, Jeremy and Armstrong, Ellie E and Peede, David and D’agostino, Emmanuel RR and Price, Donald K and Waddell, Peter J and Lang, Michael and Courtier-Orgogozo, Virginie and others},
  journal={Current Biology},
  volume={32},
  number={1},
  pages={111--123},
  year={2022},
  publisher={Elsevier}
}
@article{sorensen2023genome,
  title={Genome-wide coancestry reveals details of ancient and recent male-driven reticulation in baboons},
  author={S{\o}rensen, Erik F and Harris, R Alan and Zhang, Liye and Raveendran, Muthuswamy and Kuderna, Lukas FK and Walker, Jerilyn A and Storer, Jessica M and Kuhlwilm, Martin and Fontsere, Claudia and Seshadri, Lakshmi and others},
  journal={Science},
  volume={380},
  number={6648},
  pages={eabn8153},
  year={2023},
  publisher={American Association for the Advancement of Science}
}
@article{skoglund2015ancient,
  title={Ancient wolf genome reveals an early divergence of domestic dog ancestors and admixture into high-latitude breeds},
  author={Skoglund, Pontus and Ersmark, Erik and Palkopoulou, Eleftheria and Dal{\'e}n, Love},
  journal={Current Biology},
  volume={25},
  number={11},
  pages={1515--1519},
  year={2015},
  publisher={Elsevier}
}
@article{brandvain2014speciation,
  title={Speciation and introgression between Mimulus nasutus and Mimulus guttatus},
  author={Brandvain, Yaniv and Kenney, Amanda M and Flagel, Lex and Coop, Graham and Sweigart, Andrea L},
  journal={PLoS genetics},
  volume={10},
  number={6},
  pages={e1004410},
  year={2014},
  publisher={Public Library of Science San Francisco, USA}
}
@article{peter2020100,
  title={100,000 years of gene flow between Neandertals and Denisovans in the Altai mountains},
  author={Peter, Benjamin M},
  journal={bioRxiv},
  pages={2020--03},
  year={2020},
  publisher={Cold Spring Harbor Laboratory}
}
@article{villanea2019multiple,
  title={Multiple episodes of interbreeding between Neanderthal and modern humans},
  author={Villanea, Fernando A and Schraiber, Joshua G},
  journal={Nature ecology \& evolution},
  volume={3},
  number={1},
  pages={39--44},
  year={2019},
  publisher={Nature Publishing Group UK London}
}
@article{wei2023lingering,
  title={The lingering effects of Neanderthal introgression on human complex traits},
  author={Wei, Xinzhu and Robles, Christopher R and Pazokitoroudi, Ali and Ganna, Andrea and Gusev, Alexander and Durvasula, Arun and Gazal, Steven and Loh, Po-Ru and Reich, David and Sankararaman, Sriram},
  journal={Elife},
  volume={12},
  pages={e80757},
  year={2023},
  publisher={eLife Sciences Publications Limited}
}
@article{tufto2000quantitative,
  title={Quantitative genetic models for the balance between migration and stabilizing selection},
  author={Tufto, Jarle},
  journal={Genetics Research},
  volume={76},
  number={3},
  pages={285--293},
  year={2000},
  publisher={Cambridge University Press}
}
@article{harris2023diverse,
  title={Diverse African genomes reveal selection on ancient modern human introgressions in Neanderthals},
  author={Harris, Daniel N and Platt, Alexander and Hansen, Matthew EB and Fan, Shaohua and McQuillan, Michael A and Nyambo, Thomas and Mpoloka, Sununguko Wata and Mokone, Gaonyadiwe George and Belay, Gurja and Fokunang, Charles and others},
  journal={Current Biology},
  year={2023},
  publisher={Elsevier}
}
@article{jouganous2017inferring,
  title={Inferring the joint demographic history of multiple populations: beyond the diffusion approximation},
  author={Jouganous, Julien and Long, Will and Ragsdale, Aaron P and Gravel, Simon},
  journal={Genetics},
  volume={206},
  number={3},
  pages={1549--1567},
  year={2017},
  publisher={Oxford University Press}
}
@article{lande1976natural,
  title={Natural selection and random genetic drift in phenotypic evolution},
  author={Lande, Russell},
  journal={Evolution},
  pages={314--334},
  year={1976},
  publisher={JSTOR}
}
@article{burger1989linkage,
  title={Linkage and the maintenance of heritable variation by mutation-selection balance.},
  author={B{\"u}rger, R},
  journal={Genetics},
  volume={121},
  number={1},
  pages={175--184},
  year={1989},
  publisher={Oxford University Press}
}
@book{walsh2018evolution,
  title={Evolution and selection of quantitative traits},
  author={Walsh, Bruce and Lynch, Michael},
  year={2018},
  publisher={Oxford University Press}
}
@article{burger1989much,
  title={How much heritable variation can be maintained in finite populations by mutation--selection balance?},
  author={B{\"u}rger, Reinhard and Wagner, G{\"u}nter P and Stettinger, Franz},
  journal={Evolution},
  volume={43},
  number={8},
  pages={1748--1766},
  year={1989},
  publisher={Blackwell Publishing Inc Malden, USA}
}
@article{burger1994distribution,
  title={On the distribution of the mean and variance of a quantitative trait under mutation-selection-drift balance.},
  author={B{\"u}rger, Reinhard and Lande, Russell},
  journal={Genetics},
  volume={138},
  number={3},
  pages={901--912},
  year={1994},
  publisher={Oxford University Press}
}
@article{bulmer1971effect,
  title={The effect of selection on genetic variability},
  author={Bulmer, MG1},
  journal={The American Naturalist},
  volume={105},
  number={943},
  pages={201--211},
  year={1971},
  publisher={University of Chicago Press}
}
@article{hill1966effect,
  title={The effect of linkage on limits to artificial selection},
  author={Hill, William G and Robertson, Alan},
  journal={Genetics Research},
  volume={8},
  number={3},
  pages={269--294},
  year={1966},
  publisher={Cambridge University Press}
}
@article{thornton2019polygenic,
  title={Polygenic adaptation to an environmental shift: temporal dynamics of variation under Gaussian stabilizing selection and additive effects on a single trait},
  author={Thornton, Kevin R},
  journal={Genetics},
  volume={213},
  number={4},
  pages={1513--1530},
  year={2019},
  publisher={Oxford University Press}
}
